@article{RSA2000, author={RSA Laboratory}, title={RSAES-OAEP Encryption Scheme}, year={2000}}

@article{RSA2012, author={RSA Laboratory}, title={PKCS 1 v2.2: RSA Cryptography Standard}, year={2000}}

@article{SHO2001, author={Shoup, Victor}, title={OAEP Reconsidered}, year={2001}}

@article{FUJ2000, author={Fujisak,  Eiichiro and  Okamoto, Tatsuaki and Pointcheval, David and Stern, Jacques}, title={RSA-OAEP is Secure under the RSA assumption},year={2000}}

@article{Duo2010, author={Duong, Hieu Phan}, title={Securite et efficacite des schemas cryptographiques}, year={2010}}